@article{Hoy201881,
	author = {Hoy, Matthew B.},
	title = {Alexa, Siri, Cortana, and More: An Introduction to Voice Assistants},
	year = {2018},
	journal = {Medical Reference Services Quarterly},
	volume = {37},
	number = {1},
	pages = {81 – 88},
	doi = {10.1080/02763869.2018.1404391},
	url = {https://www.scopus.com/inward/record.uri?eid=2-s2.0-85041199121&doi=10.1080%2f02763869.2018.1404391&partnerID=40&md5=75c9a5b1fbc9097acdee5697d3ba2643},
	type = {Article},
	publication_stage = {Final},
	source = {Scopus},
	note = {Cited by: 500}
}

@conference{Gunaratna20233913,
	author = {Gunaratna, Kalpa and Srinivasan, Vijay and Jin, Hongxia},
	title = {Explainable and Accurate Natural Language Understanding for Voice Assistants and Beyond},
	year = {2023},
	journal = {International Conference on Information and Knowledge Management, Proceedings},
	pages = {3913 – 3917},
	doi = {10.1145/3583780.3615277},
	url = {https://www.scopus.com/inward/record.uri?eid=2-s2.0-85178152708&doi=10.1145%2f3583780.3615277&partnerID=40&md5=a375affd1a140add625087cc6cee1dfd},
	type = {Conference paper},
	publication_stage = {Final},
	source = {Scopus},
	note = {Cited by: 0; All Open Access, Bronze Open Access, Green Open Access}
}

@conference{Li20193784,
	author = {Li, Han and Lee, Jihwan and Mudgal, Sidharth and Sarikaya, Ruhi and Kim, Young-Bum},
	title = {Continuous learning for large-scale personalized domain classification},
	year = {2019},
	journal = {NAACL HLT 2019 - 2019 Conference of the North American Chapter of the Association for Computational Linguistics: Human Language Technologies - Proceedings of the Conference},
	volume = {1},
	pages = {3784 – 3794},
	url = {https://www.scopus.com/inward/record.uri?eid=2-s2.0-85085543703&partnerID=40&md5=11840238ba1f345e4f2fed333f89178c},
	type = {Conference paper},
	publication_stage = {Final},
	source = {Scopus},
	note = {Cited by: 4}
}

@article{DBLP.journals.corr.abs-2006-03654,
  author       = {Pengcheng He and Xiaodong Liu and Jianfeng Gao and Weizhu Chen},
  title        = {DeBERTa: Decoding-enhanced {BERT} with Disentangled Attention},
  journal      = {CoRR},
  volume       = {abs/2006.03654},
  year         = {2020},
  url          = {https://arxiv.org/abs/2006.03654},
  eprinttype    = {arXiv},
  eprint       = {2006.03654},
  timestamp    = {Mon, 30 May 2022 13:48:56 +0200},
  biburl       = {https://dblp.org/rec/journals/corr/abs-2006-03654.bib},
  bibsource    = {dblp computer science bibliography, https://dblp.org}
}

@inproceedings{slurp,
    author = {Emanuele Bastianelli and Andrea Vanzo and Pawel Swietojanski and Verena Rieser},
    title={{SLURP: A Spoken Language Understanding Resource Package}},
    booktitle={{Proceedings of the 2020 Conference on Empirical Methods in Natural Language Processing (EMNLP)}},
    year={2020}
}
